% This file was created with JabRef 2.9b2.
% Encoding: ISO8859_1

@ARTICLE{Geim2001,
  author = {Geim, A. K. and ter Tisha, H. A. M. S.},
  title = {Detection of earth rotation with a diamagnetically levitating gyroscope},
  journal = {Physica B: Condensed Matter},
  year = {2001},
  volume = {294--295},
  pages = {736--739},
  doi = {10.1016/S0921-4526(00)00753-5},
  quality = {1}
}

@MISC{waffle,
  author = {Rally Software},
  title = {Waffle.io},
  month = may,
  year = {2015},
  url = {https://waffle.io/moodcat/moodcat.me}
}

@MISC{githubRepo,
  author = {MoodCat},
  title = {MoodCat GitHub repository},
  month = april \& may,
  year = {2015},
  url = {https://github.com/MoodCat/MoodCat.me}
}

@book{Duvall,
    author    = "Duvall, P.",
    title     = "Continuous Integration: Improving Software Quality and Reducing Risk",
    year      = "2007",
    publisher = "Addison-Wesley",
    address   = "Reading, Massachusetts"
}


@book{Wirfs-Brock,
    author    = "Rebecca Wirfs-Brock",
    title     = "Designing Object-Oriented Software",
    year      = "1990",
    publisher = "Prentice Hall PTR",
    address   = "Upper Saddle River, New Jersey"
}

@book{Binder,
    author    = "Robert V. Binder",
    title     = "Testing Object-Oriented Systems: Models, Patterns, and Tools",
    year      = "1999",
    publisher = "Pearson Education ",
    address   = "Upper Saddle River, New Jersey"
}    
