@INPROCEEDINGS{Guttman84r-trees:a,
    author = {Antonin Guttman},
    title = {R-trees: A Dynamic Index Structure for Spatial Searching},
    booktitle = {INTERNATIONAL CONFERENCE ON MANAGEMENT OF DATA},
    year = {1984},
    pages = {47--57},
    publisher = {ACM}
}


@phdthesis{rest,
  added-at = {2008-03-05T21:11:28.000+0100},
  author = {Fielding, Roy Thomas},
  biburl = {http://www.bibsonomy.org/bibtex/217b085721104f50d2f804bd1df197edc/gromgull},
  file = {Site:2000/Fielding2000Phd.pdf:PDF},
  interhash = {092ba78050ae9da156348ac20fccbd12},
  intrahash = {17b085721104f50d2f804bd1df197edc},
  keywords = {architecture rest},
  owner = {flint},
  school = {University of California, Irvine},
  timestamp = {2008-03-05T21:11:28.000+0100},
  title = {{REST:} Architectural Styles and the Design of Network-based Software
	Architectures},
  type = {Doctoral dissertation},
  url = {http://www.ics.uci.edu/~fielding/pubs/dissertation/top.htm},
  year = 2000
}
